<record><leader>00000cas a22000007a 4500</leader><controlfield tag="001">11427362</controlfield><controlfield tag="008">841128d18931916wiuwr ne      0    0eng d</controlfield><datafield ind1=" " ind2=" " tag="010"><subfield code="a">sn 84024936 </subfield></datafield><datafield ind1=" " ind2=" " tag="040"><subfield code="a">NPV</subfield><subfield code="b">eng</subfield><subfield code="c">NPV</subfield><subfield code="d">OCLCQ</subfield></datafield><datafield ind1=" " ind2=" " tag="042"><subfield code="a">msc</subfield></datafield><datafield ind1="0" ind2="0" tag="245"><subfield code="a">Ashland weekly press.</subfield></datafield><datafield ind1=" " ind2=" " tag="260"><subfield code="a">Ashland, Wis. :</subfield><subfield code="b">J.M. Chapple,</subfield><subfield code="c">1893-1916.</subfield></datafield><datafield ind1=" " ind2=" " tag="300"><subfield code="a">25 v. :</subfield><subfield code="b">ill.</subfield></datafield><datafield ind1=" " ind2=" " tag="310"><subfield code="a">Weekly</subfield></datafield><datafield ind1="0" ind2=" " tag="362"><subfield code="a">Vol. 22, no. 21 (Oct. 21, 1893)-v. 46, no. 13 (Oct. 7, 1916).</subfield></datafield><datafield ind1=" " ind2=" " tag="752"><subfield code="a">United States</subfield><subfield code="b">Wisconsin</subfield><subfield code="c">Ashland</subfield><subfield code="d">Ashland.</subfield></datafield><datafield ind1="0" ind2="0" tag="780"><subfield code="t">Ashland press (Ashland, Wis. : 1872)</subfield><subfield code="w">(DLC)sn 84024935</subfield></datafield><datafield ind1="0" ind2="5" tag="780"><subfield code="t">Chequamegon critic</subfield></datafield></record>